@inproceedings{jacot2018ntk,
  title         = {Neural Tangent Kernel: Convergence and Generalization in Neural Networks},
  author        = {Jacot, Arthur and Gabriel, Franck and Hongler, Cl{\'e}ment},
  booktitle     = {Advances in Neural Information Processing Systems (NeurIPS)},
  pages         = {8580--8589},
  year          = {2018},
  url           = {https://proceedings.neurips.cc/paper/8076-neural-tangent-kernel-convergence-and-generalization-in-neural-networks.pdf}
}
@inproceedings{lee2019wide,
  title         = {Wide Neural Networks of Any Depth Evolve as Linear Models Under Gradient Descent},
  author        = {Lee, Jaehoon and Xiao, Lechao and Schoenholz, Samuel S. and Bahri, Yasaman and Novak, Roman and Sohl-Dickstein, Jascha and Pennington, Jeffrey},
  booktitle     = {Advances in Neural Information Processing Systems (NeurIPS)},
  year          = {2019},
  url           = {https://proceedings.neurips.cc/paper/2019/file/0d1a9651497a38d8b1c3871c84528bd4-Paper.pdf}
}
@inproceedings{bai2020beyond,
  title         = {Beyond Linearization: On Quadratic and Higher-Order Approximation of Wide Neural Networks},
  author        = {Bai, Yu and Lee, Jason D.},
  booktitle     = {International Conference on Learning Representations (ICLR)},
  year          = {2020},
  url           = {https://openreview.net/pdf?id=rkllGyBFPH}
}
@inproceedings{rahaman2019spectral,
  title         = {On the Spectral Bias of Neural Networks},
  author        = {Rahaman, Nasim and Baratin, Aristide and Arpit, Devansh and Draxler, Felix and Lin, Min and Hamprecht, Fred A. and Bengio, Yoshua and Courville, Aaron},
  booktitle     = {Proceedings of the 36th International Conference on Machine Learning (ICML)},
  series        = {Proceedings of Machine Learning Research},
  volume        = {97},
  pages         = {5301--5310},
  year          = {2019},
  url           = {https://proceedings.mlr.press/v97/rahaman19a.html}
}
@article{cao2020spectral,
  title         = {Towards Understanding the Spectral Bias of Deep Learning},
  author        = {Cao, Yuan and Fang, Zhiying and Wu, Yue and Zhou, Ding-Xuan and Gu, Quanquan},
  journal       = {arXiv preprint arXiv:1912.01198},
  year          = {2020},
  url           = {https://arxiv.org/abs/1912.01198}
}
@inproceedings{bietti2019inductive,
  title         = {On the Inductive Bias of Neural Tangent Kernels},
  author        = {Bietti, Alberto and Mairal, Julien},
  booktitle     = {Advances in Neural Information Processing Systems (NeurIPS)},
  year          = {2019},
  url           = {https://papers.nips.cc/paper/9449-on-the-inductive-bias-of-neural-tangent-kernels}
}
@article{bartolucci2023rkbs,
  title         = {Understanding neural networks with reproducing kernel Banach spaces},
  author        = {Bartolucci, Francesca and De Vito, Ernesto and Rosasco, Lorenzo and Vigogna, Stefano},
  journal       = {Applied and Computational Harmonic Analysis},
  volume        = {62},
  pages         = {194--236},
  year          = {2023},
  publisher     = {Elsevier},
  doi           = {10.1016/j.acha.2022.08.006},
  url           = {https://www.sciencedirect.com/science/article/pii/S1063520322000768}
}
@article{zhang2024statistical,
  title         = {Towards a Statistical Understanding of Neural Networks: Beyond the Neural Tangent Kernel Theories},
  author        = {Zhang, Haobo and Lai, Jianfa and Li, Yicheng and Lin, Qian and Liu, Jun S.},
  journal       = {arXiv preprint arXiv:2412.18756},
  year          = {2024},
  url           = {https://arxiv.org/abs/2412.18756}
}
